{"id":"gen9championsvgc2026regmb-2675725887","format":"[Gen 9 Champions] VGC 2026 Reg M-B","players":["Pokeventurer","blazennn"],"log":"|j|☆Pokeventurer\n|j|☆blazennn\n|t:|1788553970\n|gametype|doubles\n|player|p1|Pokeventurer|169|1650\n|player|p2|blazennn|2|1630\n|gen|9\n|tier|[Gen 9 Champions] VGC 2026 Reg M-B\n|rated|\n|rule|Species Clause: Limit one of each Pokémon\n|rule|Item Clause: Limit 1 of each item\n|clearpoke\n|poke|p1|Ampharos, L50, F|\n|poke|p1|Aurorus, L50, M|\n|poke|p1|Farigiraf, L50, M|\n|poke|p1|Incineroar, L50, M|\n|poke|p1|Sneasler, L50, F|\n|poke|p1|Vivillon, L50, F|\n|poke|p2|Venusaur, L50, M|\n|poke|p2|Primarina, L50, M|\n|poke|p2|Kingambit, L50, F|\n|poke|p2|Farigiraf, L50, F|\n|poke|p2|Torkoal, L50, F|\n|poke|p2|Blaziken, L50, F|\n|teampreview|4\n|inactive|Battle timer is ON: inactive players will automatically lose when time's up. (requested by Pokeventurer)\n|\n|t:|1788554008\n|teamsize|p1|4\n|teamsize|p2|4\n|start\n|switch|p1a: Sneasler|Sneasler, L50, F|100/100\n|switch|p1b: Farigiraf|Farigiraf, L50, M|100/100\n|switch|p2a: Farigiraf|Farigiraf, L50, F|100/100\n|switch|p2b: Primarina|Primarina, L50, M|100/100\n|turn|1\n|\n|t:|1788554018\n|move|p2a: Farigiraf|Psychic|p1a: Sneasler\n|-supereffective|p1a: Sneasler|2\n|-damage|p1a: Sneasler|0 fnt\n|faint|p1a: Sneasler\n|move|p2b: Primarina|Hyper Voice|p1b: Farigiraf\n|-damage|p1b: Farigiraf|29/100\n|-damage|p2b: Primarina|90/100|[from] item: Life Orb\n|move|p1b: Farigiraf|Trick Room|p1b: Farigiraf\n|-fieldstart|move: Trick Room|[of] p1b: Farigiraf\n|\n|upkeep\n|\n|t:|1788554024\n|switch|p1a: Ampharos|Ampharos, L50, F|100/100\n|turn|2\n|\n|t:|1788554035\n|detailschange|p1a: Ampharos|Ampharos-Mega, L50, F\n|-mega|p1a: Ampharos|Ampharos|Ampharosite\n|-ability|p1a: Ampharos|Mold Breaker\n|move|p1b: Farigiraf|Helping Hand|p1a: Ampharos\n|-singleturn|p1a: Ampharos|Helping Hand|[of] p1b: Farigiraf\n|move|p1a: Ampharos|Thunderbolt|p2a: Farigiraf\n|-damage|p2a: Farigiraf|11/100\n|-enditem|p2a: Farigiraf|Sitrus Berry|[eat]\n|-heal|p2a: Farigiraf|36/100|[from] item: Sitrus Berry\n|move|p2b: Primarina|Hyper Voice|p1b: Farigiraf|[spread] p1a,p1b\n|-resisted|p1a: Ampharos|1\n|-damage|p1a: Ampharos|80/100\n|-damage|p1b: Farigiraf|0 fnt\n|faint|p1b: Farigiraf\n|-damage|p2b: Primarina|80/100|[from] item: Life Orb\n|move|p2a: Farigiraf|Psychic|p1a: Ampharos\n|-damage|p1a: Ampharos|51/100\n|\n|upkeep\n|\n|t:|1788554051\n|switch|p1b: Aurorus|Aurorus, L50, M|100/100\n|-weather|Snowscape|[from] ability: Snow Warning|[of] p1b: Aurorus\n|turn|3\n|\n|t:|1788554061\n|switch|p2b: Kingambit|Kingambit, L50, F|100/100\n|move|p1a: Ampharos|Thunderbolt|p2b: Kingambit\n|-damage|p2b: Kingambit|43/100\n|-status|p2b: Kingambit|par\n|move|p1b: Aurorus|Blizzard|p2a: Farigiraf|[spread] p2a,p2b\n|-resisted|p2b: Kingambit|1\n|-damage|p2a: Farigiraf|0 fnt\n|-damage|p2b: Kingambit|18/100 par\n|faint|p2a: Farigiraf\n|-damage|p1b: Aurorus|90/100|[from] item: Life Orb\n|\n|-weather|Snowscape|[upkeep]\n|upkeep\n|\n|t:|1788554073\n|switch|p2a: Primarina|Primarina, L50, M|80/100\n|turn|4\n|\n|t:|1788554082\n|move|p2a: Primarina|Protect|p2a: Primarina\n|-singleturn|p2a: Primarina|Protect\n|move|p2b: Kingambit|Kowtow Cleave|p1a: Ampharos\n|-damage|p1a: Ampharos|7/100\n|move|p1a: Ampharos|Thunderbolt|p2a: Primarina\n|-activate|p2a: Primarina|move: Protect\n|move|p1b: Aurorus|Blizzard|p2b: Kingambit|[spread] p2b\n|-activate|p2a: Primarina|move: Protect\n|-resisted|p2b: Kingambit|1\n|-damage|p2b: Kingambit|0 fnt\n|faint|p2b: Kingambit\n|-damage|p1b: Aurorus|80/100|[from] item: Life Orb\n|\n|-weather|Snowscape|[upkeep]\n|upkeep\n|\n|t:|1788554089\n|switch|p2b: Blaziken|Blaziken, L50, F|100/100\n|turn|5\n|\n|t:|1788554099\n|move|p2a: Primarina|Aqua Jet|p1a: Ampharos\n|-resisted|p1a: Ampharos|1\n|-damage|p1a: Ampharos|1/100\n|-damage|p2a: Primarina|71/100|[from] item: Life Orb\n|move|p1a: Ampharos|Thunderbolt|p2a: Primarina\n|-supereffective|p2a: Primarina|1\n|-damage|p2a: Primarina|0 fnt\n|faint|p2a: Primarina\n|move|p1b: Aurorus|Earth Power|p2b: Blaziken\n|-supereffective|p2b: Blaziken|1\n|-damage|p2b: Blaziken|0 fnt\n|faint|p2b: Blaziken\n|-damage|p1b: Aurorus|70/100|[from] item: Life Orb\n|\n|win|Pokeventurer\n|raw|Pokeventurer's rating: 1650 &rarr; <strong>1669</strong><br />(+19 for winning)\n|raw|blazennn's rating: 1630 &rarr; <strong>1611</strong><br />(-19 for losing)\n|l|☆blazennn\n|player|p2|\n","uploadtime":1788554102,"views":"0","formatid":"gen9championsvgc2026regmb","rating":1611,"private":0,"password":null}