{"id":"gen9championsvgc2026regmb-2675724766","format":"[Gen 9 Champions] VGC 2026 Reg M-B","players":["jpduarte18","pcrlbot12d159c39a"],"log":"|j|☆jpduarte18\n|j|☆pcrlbot12d159c39a\n|t:|1788553810\n|gametype|doubles\n|player|p1|jpduarte18|cynthia-masters4|1113\n|player|p2|pcrlbot12d159c39a|2|1139\n|gen|9\n|tier|[Gen 9 Champions] VGC 2026 Reg M-B\n|rated|\n|rule|Species Clause: Limit one of each Pokémon\n|rule|Item Clause: Limit 1 of each item\n|clearpoke\n|poke|p1|Charizard, L50, F, shiny|\n|poke|p1|Floette-Eternal, L50, F|\n|poke|p1|Whimsicott, L50, M, shiny|\n|poke|p1|Kingambit, L50, M, shiny|\n|poke|p1|Basculegion, L50, M, shiny|\n|poke|p1|Garchomp, L50, M, shiny|\n|poke|p2|Basculegion, L50, M|\n|poke|p2|Sneasler, L50, F|\n|poke|p2|Dragonite, L50, F|\n|poke|p2|Ninetales-Alola, L50, M|\n|poke|p2|Kingambit, L50, F|\n|poke|p2|Froslass, L50, F|\n|teampreview|4\n|inactive|Battle timer is ON: inactive players will automatically lose when time's up. (requested by pcrlbot12d159c39a)\n|inactive|jpduarte18 has 60 seconds left.\n|inactive|pcrlbot12d159c39a has 60 seconds left.\n|\n|t:|1788553868\n|teamsize|p1|4\n|teamsize|p2|4\n|start\n|switch|p1a: Charizard|Charizard, L50, F, shiny|100/100\n|switch|p1b: Whimsicott|Whimsicott, L50, M, shiny|100/100\n|switch|p2a: Sneasler|Sneasler, L50, F|100/100\n|switch|p2b: Kingambit|Kingambit, L50, F|100/100\n|turn|1\n|inactive|pcrlbot12d159c39a has 30 seconds left.\n|\n|t:|1788553898\n|detailschange|p1a: Charizard|Charizard-Mega-Y, L50, F, shiny\n|-mega|p1a: Charizard|Charizard|Charizardite Y\n|-weather|SunnyDay|[from] ability: Drought|[of] p1a: Charizard\n|move|p1b: Whimsicott|Protect|p1b: Whimsicott\n|-singleturn|p1b: Whimsicott|Protect\n|move|p2a: Sneasler|Rock Slide|p1a: Charizard|[spread] p1a\n|-activate|p1b: Whimsicott|move: Protect\n|-supereffective|p1a: Charizard|2\n|-damage|p1a: Charizard|2/100\n|move|p1a: Charizard|Weather Ball|p2b: Kingambit\n|-supereffective|p2b: Kingambit|1\n|-damage|p2b: Kingambit|0 fnt\n|faint|p2b: Kingambit\n|\n|-weather|SunnyDay|[upkeep]\n|upkeep\n|\n|t:|1788553904\n|switch|p2b: Basculegion|Basculegion, L50, M|100/100\n|turn|2\n|inactive|jpduarte18 has 30 seconds left.\n|inactive|jpduarte18 has 20 seconds left.\n|inactive|jpduarte18 has 15 seconds left.\n|\n|t:|1788553946\n|move|p1b: Whimsicott|Tailwind|p1b: Whimsicott\n|-sidestart|p1: jpduarte18|move: Tailwind\n|move|p1a: Charizard|Solar Beam||[still]\n|-prepare|p1a: Charizard|Solar Beam\n|-anim|p1a: Charizard|Solar Beam|p2b: Basculegion\n|-supereffective|p2b: Basculegion|1\n|-damage|p2b: Basculegion|5/100\n|-enditem|p2b: Basculegion|Sitrus Berry|[eat]\n|-heal|p2b: Basculegion|29/100|[from] item: Sitrus Berry\n|move|p2a: Sneasler|Dire Claw|p1b: Whimsicott\n|-supereffective|p1b: Whimsicott|2\n|-enditem|p1b: Whimsicott|Focus Sash\n|-damage|p1b: Whimsicott|1/100\n|move|p2b: Basculegion|Wave Crash|p1b: Whimsicott\n|-resisted|p1b: Whimsicott|1\n|-damage|p1b: Whimsicott|0 fnt\n|faint|p1b: Whimsicott\n|-damage|p2b: Basculegion|29/100|[from] Recoil\n|\n|-weather|SunnyDay|[upkeep]\n|upkeep\n|inactive|jpduarte18 has 30 seconds left.\n|inactive|jpduarte18 has 20 seconds left.\n|inactive|jpduarte18 has 15 seconds left.\n|\n|t:|1788553989\n|switch|p1b: Basculegion|Basculegion, L50, M, shiny|100/100\n|turn|3\n|inactive|jpduarte18 has 30 seconds left.\n|inactive|pcrlbot12d159c39a has 30 seconds left.\n|inactive|jpduarte18 has 20 seconds left.\n|\n|t:|1788554025\n|move|p1b: Basculegion|Flip Turn|p2a: Sneasler\n|-damage|p2a: Sneasler|70/100\n|\n|t:|1788554029\n|switch|p1b: Kingambit|Kingambit, L50, M, shiny|100/100|[from] Flip Turn\n|move|p1a: Charizard|Heat Wave|p2b: Basculegion|[spread] p2a,p2b\n|-resisted|p2b: Basculegion|1\n|-damage|p2a: Sneasler|0 fnt\n|-damage|p2b: Basculegion|1/100\n|faint|p2a: Sneasler\n|move|p2b: Basculegion|Last Respects|p1b: Kingambit\n|-resisted|p1b: Kingambit|1\n|-crit|p1b: Kingambit\n|-damage|p1b: Kingambit|54/100\n|\n|-weather|SunnyDay|[upkeep]\n|upkeep\n|\n|t:|1788554035\n|switch|p2a: Dragonite|Dragonite, L50, F|100/100\n|turn|4\n|inactive|jpduarte18 has 30 seconds left.\n|inactive|jpduarte18 has 20 seconds left.\n|\n|t:|1788554071\n|detailschange|p2a: Dragonite|Dragonite-Mega, L50, F\n|-mega|p2a: Dragonite|Dragonite|Dragoninite\n|move|p2b: Basculegion|Protect|p2b: Basculegion\n|-singleturn|p2b: Basculegion|Protect\n|move|p1a: Charizard|Heat Wave|p2b: Basculegion|[spread] p2a\n|-activate|p2b: Basculegion|move: Protect\n|-resisted|p2a: Dragonite|1\n|-damage|p2a: Dragonite|86/100\n|move|p1b: Kingambit|Kowtow Cleave|p2a: Dragonite\n|-damage|p2a: Dragonite|39/100\n|move|p2a: Dragonite|Heat Wave|p1a: Charizard|[spread] p1a,p1b\n|-resisted|p1a: Charizard|1\n|-supereffective|p1b: Kingambit|1\n|-damage|p1a: Charizard|0 fnt\n|-damage|p1b: Kingambit|0 fnt\n|faint|p1a: Charizard\n|faint|p1b: Kingambit\n|\n|-weather|SunnyDay|[upkeep]\n|upkeep\n|inactive|jpduarte18 has 30 seconds left.\n|inactive|jpduarte18 has 20 seconds left.\n|inactive|jpduarte18 has 15 seconds left.\n|\n|t:|1788554114\n|switch|p1a: Basculegion|Basculegion, L50, M, shiny|100/100\n|turn|5\n|\n|t:|1788554134\n|move|p1a: Basculegion|Last Respects|p2b: Basculegion\n|-supereffective|p2b: Basculegion|1\n|-damage|p2b: Basculegion|0 fnt\n|faint|p2b: Basculegion\n|move|p2a: Dragonite|Dragon Pulse|p1a: Basculegion\n|-damage|p1a: Basculegion|42/100\n|\n|-weather|none\n|-sideend|p1: jpduarte18|move: Tailwind\n|upkeep\n|turn|6\n|\n|t:|1788554143\n|move|p1a: Basculegion|Last Respects|p2a: Dragonite\n|-damage|p2a: Dragonite|0 fnt\n|faint|p2a: Dragonite\n|\n|win|jpduarte18\n|raw|jpduarte18's rating: 1113 &rarr; <strong>1140</strong><br />(+27 for winning)\n|raw|pcrlbot12d159c39a's rating: 1139 &rarr; <strong>1112</strong><br />(-27 for losing)\n","uploadtime":1788554143,"views":"0","formatid":"gen9championsvgc2026regmb","rating":1112,"private":0,"password":null}